@book{HeJo03,
   author      = {Hennessy, John L. and Patterson, David A.},
   title       = {Computer Architecture: A Quantitative Approach},
   year        = {2003},
   isbn        = {1558607242},
   edition     = {3},
   publisher   = {Morgan Kaufmann Publishers Inc.},
   address     = {California, EUA},
}

@book{MuMi07,
   author      = {Murdocca, Miles J. and Heuring, Vincent P.},
   title       = {Computer Architecture and Organization: An Integrated Approach},
   year        = {2007},
   isbn        = {0470180994, 9780471733881},
   edition     = {2},
   publisher   = {John Wiley \& Sons, Inc.},
   address     = {Nueva York, EUA}
}

@book{StWi13,
   author      = {Stallings, William},
   title       = {Computer Organization and Architecture: Designing for Performance},
   year        = {2013},
   isbn        = {0-13-293633-X},
   edition     = {9},
   publisher   = {Prentice-Hall, Inc.},
   address     = {Nueva Jersey, EUA},
}

@book{HwEn05,
   author      = {Hwang, Enoch O.},
   title       = {Digital Logic and Microprocessor design with {VHDL}},
   year        = {2005},
   isbn        = {0-534-46593-5},
   publisher   = {Brooks/Cole 2005},
   address     = {California, EUA},
}

@electronic{PaPa14,
  author        = "Parada, Patricio",
  title         = "Estilo de referencias {IEEE}",
  url           = "http://www.derecho.unam.mx/integridad-academica/pdf/IEEE.pdf",
  month         = oct,
  year          = "2014"
}

@book{DaRo05,
	author       = "Day, Robert A.",
	title        = "Cómo escribir y publicar artículos científicos",
	series       = "Publicación Científica y Técnica No. 598",
	publisher    = "The Oryx Press",
	address      = "Phoenix, EUA",
	year         = "2005",
},